<?xml version="1.0" encoding="UTF-8"?>
<OAI-PMH xmlns="http://www.openarchives.org/OAI/2.0/" xmlns:xsi="http://www.w3.org/2001/XMLSchema-instance" xsi:schemaLocation="http://www.openarchives.org/OAI/2.0/ http://www.openarchives.org/OAI/2.0/OAI-PMH.xsd">
  <ListRecords>
    <record>
      <header>
        <identifier>aleph-publish:000023677</identifier>
      </header>
      <metadata>
        <record xmlns="http://www.ddb.de/professionell/mabxml/mabxml-1.xsd">
          <leader>00712vM2.01200024------h</leader>
          <controlfield tag="LDR">00712vM2.01200024------h</controlfield>
          <controlfield tag="FMT">MH</controlfield>
          <datafield tag="001" ind1="-" ind2="1">
            <subfield code="a">HT000117271</subfield>
          </datafield>
          <datafield tag="002" ind1="a" ind2="1">
            <subfield code="a">19951213</subfield>
          </datafield>
          <datafield tag="003" ind1="-" ind2="1">
            <subfield code="a">20060410</subfield>
          </datafield>
          <controlfield tag="030">a|1uc||||||37</controlfield>
          <controlfield tag="050">a|||||||||||||</controlfield>
          <controlfield tag="051">mk||||||</controlfield>
          <datafield tag="070" ind1="-" ind2="1">
            <subfield code="a">61</subfield>
          </datafield>
          <datafield tag="080" ind1="-" ind2="1">
            <subfield code="a">60</subfield>
          </datafield>
          <datafield tag="100" ind1="b" ind2="1">
            <subfield code="p">Bendow, Bernard</subfield>
            <subfield code="9">(DE-588)109070224</subfield>
            <subfield code="b">[Hrsg.]</subfield>
          </datafield>
          <datafield tag="200" ind1="b" ind2="1">
            <subfield code="e">Conference on Physics of Fiber Optics</subfield>
            <subfield code="d">1978</subfield>
            <subfield code="c">Kingston, RI</subfield>
            <subfield code="9">(DE-588)804473-9</subfield>
          </datafield>
          <datafield tag="204" ind1="b" ind2="1">
            <subfield code="e">Short Course on Recent Advances in Fiber Optics</subfield>
            <subfield code="d">1978</subfield>
            <subfield code="c">Kingston, RI</subfield>
            <subfield code="9">(DE-588)818093-3</subfield>
          </datafield>
          <datafield tag="331" ind1="-" ind2="1">
            <subfield code="a">Fiber optics</subfield>
          </datafield>
          <datafield tag="335" ind1="-" ind2="1">
            <subfield code="a">advances in research and development ; [proceedings of the Conference on Physics of Fiber Optics and Selected Lectures from the Short Course on Recent Advances in Fiber Optics, ...held June 19 - 23, 1978]</subfield>
          </datafield>
          <datafield tag="359" ind1="-" ind2="1">
            <subfield code="a">ed. by Bernard Bendow</subfield>
          </datafield>
          <datafield tag="410" ind1="-" ind2="1">
            <subfield code="a">New York [u.a.]</subfield>
          </datafield>
          <datafield tag="412" ind1="-" ind2="1">
            <subfield code="a">Plenum Press</subfield>
          </datafield>
          <datafield tag="425" ind1="a" ind2="1">
            <subfield code="a">1979</subfield>
          </datafield>
          <datafield tag="433" ind1="-" ind2="1">
            <subfield code="a">X, 693 S. : Ill., graph. Darst.</subfield>
          </datafield>
          <datafield tag="540" ind1="a" ind2="1">
            <subfield code="a">0-306-40167-3</subfield>
          </datafield>
          <datafield tag="700" ind1="g" ind2="1">
            <subfield code="a">UH 5760</subfield>
          </datafield>
          <datafield tag="700" ind1="g" ind2="1">
            <subfield code="a">UH 5178</subfield>
          </datafield>
          <datafield tag="902" ind1="-" ind2="1">
            <subfield code="s">Glasfaser</subfield>
            <subfield code="9">(DE-588)4021153-8</subfield>
          </datafield>
          <datafield tag="902" ind1="-" ind2="1">
            <subfield code="f">Kongress</subfield>
          </datafield>
          <datafield tag="907" ind1="-" ind2="1">
            <subfield code="s">Glasfaser</subfield>
            <subfield code="9">(DE-588)4021153-8</subfield>
          </datafield>
          <datafield tag="907" ind1="-" ind2="1">
            <subfield code="f">Kongress</subfield>
          </datafield>
          <datafield tag="907" ind1="-" ind2="1">
            <subfield code="g">Kingston &lt;RI, 1978&gt;</subfield>
          </datafield>
          <datafield tag="912" ind1="-" ind2="1">
            <subfield code="s">Faseroptik</subfield>
            <subfield code="9">(DE-588)4016498-6</subfield>
          </datafield>
          <datafield tag="912" ind1="-" ind2="1">
            <subfield code="f">Kongress</subfield>
          </datafield>
          <datafield tag="912" ind1="-" ind2="1">
            <subfield code="g">Kingston &lt;RI, 1978&gt;</subfield>
          </datafield>
          <controlfield tag="SYS">000023677</controlfield>
          <datafield tag="PSW" ind1="-" ind2="1">
            <subfield code="s">Fiberoptik</subfield>
            <subfield code="9">(DE-588)4016498-6</subfield>
          </datafield>
          <datafield tag="PSW" ind1="-" ind2="1">
            <subfield code="s">Fiberoptik</subfield>
            <subfield code="9">(DE-588)4016498-6</subfield>
          </datafield>
          <datafield tag="PPE" ind1="-" ind2="1">
            <subfield code="p">Bendow, B.</subfield>
            <subfield code="9">(DE-588)109070224</subfield>
          </datafield>
          <datafield tag="PPE" ind1="-" ind2="1">
            <subfield code="p">Bendow, B.</subfield>
            <subfield code="9">(DE-588)109070224</subfield>
          </datafield>
          <datafield tag="PSW" ind1="-" ind2="1">
            <subfield code="s">Glas</subfield>
            <subfield code="x">Faser</subfield>
            <subfield code="9">(DE-588)4021153-8</subfield>
          </datafield>
          <datafield tag="PSW" ind1="-" ind2="1">
            <subfield code="s">Glasfiber</subfield>
            <subfield code="9">(DE-588)4021153-8</subfield>
          </datafield>
          <datafield tag="PSW" ind1="-" ind2="1">
            <subfield code="s">Glas</subfield>
            <subfield code="x">Faser</subfield>
            <subfield code="9">(DE-588)4021153-8</subfield>
          </datafield>
          <datafield tag="PSW" ind1="-" ind2="1">
            <subfield code="s">Glasfiber</subfield>
            <subfield code="9">(DE-588)4021153-8</subfield>
          </datafield>
          <datafield tag="PPE" ind1="-" ind2="1">
            <subfield code="p">Bendow, B.</subfield>
            <subfield code="9">(DE-588)109070224</subfield>
          </datafield>
          <datafield tag="PPE" ind1="-" ind2="1">
            <subfield code="p">Bendow, B.</subfield>
            <subfield code="9">(DE-588)109070224</subfield>
          </datafield>
          <datafield tag="PSW" ind1="-" ind2="1">
            <subfield code="s">Glas</subfield>
            <subfield code="x">Faser</subfield>
            <subfield code="9">(DE-588)4021153-8</subfield>
          </datafield>
          <datafield tag="PSW" ind1="-" ind2="1">
            <subfield code="s">Glasfiber</subfield>
            <subfield code="9">(DE-588)4021153-8</subfield>
          </datafield>
          <datafield tag="PSW" ind1="-" ind2="1">
            <subfield code="s">Fiberoptik</subfield>
            <subfield code="9">(DE-588)4016498-6</subfield>
          </datafield>
          <datafield tag="700" ind1=" " ind2=" ">
            <subfield code="a">UAL</subfield>
          </datafield>
          <datafield tag="OWN" ind1=" " ind2=" ">
            <subfield code="a">P0001</subfield>
          </datafield>
          <datafield tag="LOC" ind1=" " ind2=" ">
            <subfield code="m">BOOK</subfield>
            <subfield code="a">P0001</subfield>
            <subfield code="b">40</subfield>
            <subfield code="d">UAL780065</subfield>
            <subfield code="i">82/7909</subfield>
            <subfield code="n">30</subfield>
            <subfield code="k">20000217</subfield>
            <subfield code="5">22920-10</subfield>
          </datafield>
        </record>
      </metadata>
    </record>
  </ListRecords>
</OAI-PMH>
